@thesis{gruss-habil,
    title = {Transient-Execution Attacks},
    author = {Daniel Gruss},
    year = {2020},
    url = {https://gruss.cc/files/habil.pdf},
    urldate = {2021-01-15}
}

@article{tomasulo,
  title={An efficient algorithm for exploiting multiple arithmetic units},
  author={Tomasulo, Robert M},
  journal={IBM Journal of research and Development},
  volume={11},
  number={1},
  pages={25--33},
  year={1967},
  publisher={IBM}
}

@online{skylake,
  author = {WikiChip},
  title = {Skylake Microarchitecture},
  url = {https://en.wikichip.org/wiki/intel/microarchitectures/skylake_(client)},
  urldate = {2022-03-10}
}